@online{obrazek_zmpt,
    title     = {ZMPT101B: Obr치zek},
    year      = {2024},
    url       = {https://electropeak.com/ac-voltage-transformer-module-sensor-zmpt101b},
    publisher = {ElectroPeak Inc.},
    urldate   = {2024-05-05}
}

@online{obrazek_trafo,
    title     = {Transform치tor: Obr치zek},
    year      = {2024},
    url       = {https://make.net.za/product/mini-power-supply-module-5vdc-10w-type1/},
    publisher = {Make Electronics},
    urldate   = {2024-05-05}
}

@online{obrazek_konektor,
    title     = {IEC13 konektor: Obr치zek},
    year      = {2024},
    url       = {https://www.3dfoxshop.cz/zasuvka-s-pojistkou-a-vypinacem-ac-08/},
    publisher = {3D Fox},
    urldate   = {2024-05-05}
}